<?xml version="1.0" encoding="UTF-8"?>
<marc:collection xmlns:marc="http://www.loc.gov/MARC21/slim">
    <marc:record>
        <marc:leader>01470pam a22003851i 4500</marc:leader>
        <marc:controlfield tag="001">018865137</marc:controlfield>
        <marc:controlfield tag="003">Uk</marc:controlfield>
        <marc:controlfield tag="005">20180716021618.0</marc:controlfield>
        <marc:controlfield tag="006">m    ||  d |      </marc:controlfield>
        <marc:controlfield tag="007">cr |||||||||||</marc:controlfield>
        <marc:controlfield tag="008">180309r20182002enk     o     000|f|eng|d</marc:controlfield>
        <marc:datafield tag="015" ind1=" " ind2=" ">
            <marc:subfield code="a">GBB887640</marc:subfield>
            <marc:subfield code="2">bnb</marc:subfield>
        </marc:datafield>
        <marc:datafield tag="020" ind1=" " ind2=" ">
            <marc:subfield code="a">9781509852031 (ePub ebook) :</marc:subfield>
            <marc:subfield code="c">£12.99</marc:subfield>
        </marc:datafield>
        <marc:datafield tag="100" ind1="1" ind2=" ">
            <marc:subfield code="a">McCarthy, Cormac,</marc:subfield>
            <marc:subfield code="d">1933-</marc:subfield>
            <marc:subfield code="4">aut</marc:subfield>
            <marc:subfield code="1p">http://viaf.org/viaf/29558386</marc:subfield>
        </marc:datafield>
        <marc:datafield tag="240" ind1="1" ind2="4">
            <marc:subfield code="a">The border trilogy /</marc:subfield>
            <marc:subfield code="1w">http://viaf.org/viaf/175871715</marc:subfield>
        </marc:datafield>
        <marc:datafield tag="245" ind1="1" ind2="4">
            <marc:subfield code="a">The border trilogy /</marc:subfield>
            <marc:subfield code="c">Cormac McCarthy</marc:subfield>
        </marc:datafield>
        <marc:datafield tag="264" ind1=" " ind2="1">
            <marc:subfield code="a">London</marc:subfield>
            <marc:subfield code="b">Picador</marc:subfield>
            <marc:subfield code="c">2018</marc:subfield>
        </marc:datafield>
        <marc:datafield tag="300" ind1=" " ind2=" ">
            <marc:subfield code="a">1 online resource.</marc:subfield>
        </marc:datafield>
        <marc:datafield tag="336" ind1=" " ind2=" ">
            <marc:subfield code="a">text</marc:subfield>
            <marc:subfield code="2">rdacontent</marc:subfield>
        </marc:datafield>
        <marc:datafield tag="337" ind1=" " ind2=" ">
            <marc:subfield code="a">computer</marc:subfield>
            <marc:subfield code="2">rdamedia</marc:subfield>
        </marc:datafield>
        <marc:datafield tag="338" ind1=" " ind2=" ">
            <marc:subfield code="a">online resource</marc:subfield>
            <marc:subfield code="2">rdacarrier</marc:subfield>
        </marc:datafield>
        <marc:datafield tag="490" ind1="0" ind2=" ">
            <marc:subfield code="a">Picador classic</marc:subfield>
        </marc:datafield>
        <marc:datafield tag="500" ind1=" " ind2=" ">
            <marc:subfield code="a">Previously issued in print: 2002.</marc:subfield>
        </marc:datafield>
        <marc:datafield tag="505" ind1="0" ind2=" ">
            <marc:subfield code="a">All the pretty horses. Originally published: New York: Alfred A. Knopf, 1992 -- The crossing. Originally published: New York: Alfred A. Knopf, 1993 -- Cities of the plain. Originally published: New York: Alfred A. Knopf, 1998.</marc:subfield>
        </marc:datafield>
        <marc:datafield tag="700" ind1="1" ind2="2">
            <marc:subfield code="a">McCarthy, Cormac,</marc:subfield>
            <marc:subfield code="d">1933-</marc:subfield>
            <marc:subfield code="t">All the pretty horses</marc:subfield>
            <marc:subfield code="1p">http://viaf.org/viaf/29558386</marc:subfield>
            <marc:subfield code="1w">http://viaf.org/viaf/214001528</marc:subfield>
        </marc:datafield>
        <marc:datafield tag="700" ind1="1" ind2="2">
            <marc:subfield code="a">McCarthy, Cormac,</marc:subfield>
            <marc:subfield code="d">1933-</marc:subfield>
            <marc:subfield code="t">Crossing</marc:subfield>
            <marc:subfield code="1p">http://viaf.org/viaf/29558386</marc:subfield>
            <marc:subfield code="1w">http://viaf.org/viaf/309357400</marc:subfield>
        </marc:datafield>
        <marc:datafield tag="700" ind1="1" ind2="2">
            <marc:subfield code="a">McCarthy, Cormac,</marc:subfield>
            <marc:subfield code="d">1933-</marc:subfield>
            <marc:subfield code="t">Cities of the plain</marc:subfield>
            <marc:subfield code="1p">http://viaf.org/viaf/29558386</marc:subfield>
            <marc:subfield code="1w">http://viaf.org/viaf/3417153653286155900001</marc:subfield>
        </marc:datafield>
        <marc:datafield tag="776" ind1="0" ind2="8">
            <marc:subfield code="i">Print version :</marc:subfield>
            <marc:subfield code="z">9780330334617</marc:subfield>
        </marc:datafield>
    </marc:record>
</marc:collection>
